@article{Bacon,
    author = {Bacon, P. and Harb, J. and Precup, D},
    title = {{The Option-Critic Architecture}},
    journal = {arXiv},
    year = {2017}
}

@article{Dayan,
    author = {Dayan, P. and Hinton, G},
    title = {{Feudal reinforcement learning}},
    journal = {NIPS},
    year = 1993
}

@article{Machado,
    author = {Machado MC and Bellemare MG and Bowling M},
    title = {{A Laplacian Framework for Option Discovery in Reinforcement Learning}},
    journal = {arXiv},
    year = 2017
}

@article{Sutton,
    author = {Richard S. Sutton and Doina Precup and Satinder Singh},
    title = {{Between MDPs and semi-MDPs: A framework for temporal abstraction in reinforcement learning}},
    journal = {Artificial Intelligence},
    year = 1999
}

@article{Sutton2,
    author = {Sutton, R. and Modayil, J. and Delp, M. and Degris, T. and Pilarski, P. and White, A. and and Precup, D},
    title = {{Horde: A scalable real-time architecture for learning knowledge from unsupervised sensorimotor interaction}},
    journal = {Artificial Intelligence},
    year = 2011
}

@article{Seijen,
    author = {Van Seijen, H. and Fatemi, M. and Romoff, J. and Laroche, R. and Barnes, T. and Tsang, J.},
    title = {Hybrid Reward Architecture for Reinforcement Learning},
    journal = {arXiv},
    year = 2017
}

@article{Vezhnevets,
    author = {Vezhnevets, A.S. and Osindero, S. and Schaul, T. and Heess, N. and Jaderberg, M. and Silver, D. and Kavukcuoglu, K.},
    title = {{Feudal networks for hierarchical reinforcement learning}},
    journal = {arXiv},
    year = 2017
}

@article{Tessler,
    author = {Tessler, Chen and Givony, Shahar and Zahavy, Tom and Mankowitz, Daniel J and Mannor, Shie},
    title = {{A Deep Hierarchical Approach To Lifelong Learning In Minecraft}},
    journal = {arXiv},
    year = 2016
}

@article{Parr,
    author = {Parr, Ronald and Russell, Stuart},
    title = {{Reinforcement learning With Hierarchies Of Machines. NIPS}},
    journal = {NIPS},
    year = 1998
}

@article{Kaelbling,
    Address = {Amherst, Massachusetts},
    Author = {Leslie Pack Kaelbling},
    Booktitle = {Proceedings of the Tenth International Conference on Machine Learning},
    Publisher = {Morgan Kaufmann},
    Title = {Hierarchical Learning in Stochastic Domains: Preliminary Results},
    Year = {1993}
}

@article{Budzianowski,
    author = {Budzianowski and Ultes and Su and Mrksic and Wen and Casanueva and Rojas-Barahona and Gasic},
    title = {{Sub-domain Modelling for Dialogue Management with Hierarchical Reinforcement Learning.}},
    journal = {arXiv},
    year = 2017
}

@article{Florensa,
    author = {Florensa and Duan and Abbeel},
    title = {{Stochastic Neural Networks For Hierarchical Reinforcement Learning. ICLR.}},
    journal = {arXiv},
    year = 2017
}

@article{Dethlefs,
    author = {Dethlefs and Cuayahuitl},
    title = {{Hierarchical Reinforcement Learning for Situated Natural Language Generation.}},
    journal = {Natural Language Engineering},
    year = 2013
}

@article{Machado,
    author = {Machado and Bellemare and Bowling},
    title = {{A Laplacian Framework for Option Discovery in Reinforcement Learning. ICML.}},
    journal = {arXiv},
    year = 2017
}

@article{Peng,
    author = {Baolin Peng and Xiujun Li and Lihong Li and Jianfeng Gao and Asli Celikyilmaz and Sungjin Lee and Kam-Fai Wong},
    title  = {{Composite Task-Completion Dialogue Policy Learning via Hierarchical Deep Reinforcement Learning}},
    journal = {arXiv},
    year = 2017
}

@article{Tejas,
    author = {Tejas D. Kulkarni and Karthik R. Narasimhan and Ardavan Saeedi and Joshua B. Tenenbaum},
    title  = {{Hierarchical Deep Reinforcement Learning: Integrating Temporal Abstraction and Intrinsic Motivation}},
    journal = {arXiv},
    year = 2016
}

@article{Mnih,
    author = {Volodymyr Mnih and Koray Kavukcuoglu and David Silver and Alex Graves and Ioannis Antonoglou and Daan Wierstra and Martin Riedmiller},
    title = {{Playing Atari with Deep Reinforcement Learning}},
    journal = {Nature},
    year = 2013
}


